<record><leader>00000cas a22000007a 4500</leader><controlfield tag="001">27910141</controlfield><controlfield tag="008">930413d1uuu19uucauwr ne      0    0eng d</controlfield><datafield ind1=" " ind2=" " tag="010"><subfield code="a">sn 93052021 </subfield></datafield><datafield ind1=" " ind2=" " tag="040"><subfield code="a">CUY</subfield><subfield code="b">eng</subfield><subfield code="c">CNK</subfield><subfield code="d">OCLCQ</subfield></datafield><datafield ind1=" " ind2=" " tag="042"><subfield code="a">msc</subfield></datafield><datafield ind1="0" ind2="0" tag="245"><subfield code="a">Tracy weekly press.</subfield></datafield><datafield ind1="3" ind2="0" tag="246"><subfield code="a">Tracy press</subfield></datafield><datafield ind1=" " ind2=" " tag="260"><subfield code="a">Tracy, San Joaquin Co., Calif. :</subfield><subfield code="b">D.J. Looney</subfield></datafield><datafield ind1=" " ind2=" " tag="300"><subfield code="a">v.</subfield></datafield><datafield ind1=" " ind2=" " tag="310"><subfield code="a">Weekly</subfield></datafield><datafield ind1=" " ind2=" " tag="500"><subfield code="a">"Weekly" appears above masthead ornament.</subfield></datafield><datafield ind1=" " ind2=" " tag="588"><subfield code="a">Description based on: Vol. 8, no. 40 (Jan. 20, 1906).</subfield></datafield><datafield ind1=" " ind2="4" tag="651"><subfield code="a">Tracy (Calif.)</subfield><subfield code="v">Newspapers.</subfield></datafield><datafield ind1=" " ind2=" " tag="752"><subfield code="a">United States</subfield><subfield code="b">California</subfield><subfield code="c">San Joaquin</subfield><subfield code="d">Tracy.</subfield></datafield></record>